@article{knuth84,
  author     = {Donald E. Knuth},
  title      = {Literate Programming},
  journal    = {The Computer Journal},
  year       = {1984},
  number     = {2},
  volume     = {27},
  pages      = {97--111},
}

@book{knuth86a,
  author     = {Donald E. Knuth},
  title      = {The {\TeX}book},
  volume     = {A},
  publisher  = {Addison-Wesley},
  address    = {Reading, MA, USA},
  year       = {1986},
  series     = {Computers and Typesetting},
}

@book{lamport94,
  author     = {Leslie Lamport},
  title      = {{\LaTeX}: a Document Preparation System},
  publisher  = {Addison-Wesley},
  address    = {Reading, MA, USA},
  edition    = {2},
  year       = {1994},
}

@book{tlc2,
  author     = {Frank Mittelbach and Michel Goossens and Johannes
                 Braams and David Carlisle},
  title      = {The {\LaTeX} Companion},
  publisher  = {Addison-Wesley},
  address    = {Reading, MA, USA},
  edition    = {2},
  year       = {2004},
}


2.14.1 顺序编码制

@book{sunliguang2016jidi,
  editor     = {孙立广},
  title      = {极地科学前沿与热点：顶级期刊论文摘要汇编（1999—2010）},
  address    = {合肥},
  publisher  = {中国科学技术大学出版社},
  year       = {2016},
  pages      = {222},
}

@book{liyongchi2016zhangliang,
  author     = {李永池},
  title      = {张量初步和近代连续介质力学概论},
  edition    = {2},
  address    = {合肥},
  publisher  = {中国科学技术大学出版社},
  year       = {2016},
  pages      = {61},
}

@book{liujingshuang2014shidi,
  author     = {刘景双},
  title      = {湿地生态系统碳、氮、硫、磷生物地球化学过程},
  address    = {合肥},
  publisher  = {中国科学技术大学出版社},
  year       = {2014},
}

@book{crawford1995future,
  author     = {Crawford, Walt and Gorman, Michael},
  title      = {Future Libraries: Dreams, Madness, \& Reality},
  address    = {Chicago},
  publisher  = {American Library Association},
  year       = {1995},
}

@book{ifla1977names,
  author     = {{International Federation of Library Association and Institutions}},
  title      = {Names of Persons: National Usage for Entry in Catalogues},
  edition    = {3},
  address    = {London},
  publisher  = {IFLA Internation Office for UBC},
  year       = {1977},
}

@incollection{chenggenwei1999hongshui,
  author     = {程根伟},
  title      = {1998年长江洪水的成因与减灾对策},
  editor     = {许厚泽 and 赵其国},
  booktitle  = {长江流域洪涝灾害与科技对策},
  address    = {北京},
  publisher  = {科学出版社},
  year       = {1999},
  pages      = {26--32},
}

@incollection{chenjinbiao1980jixian,
  author     = {陈晋镳 and 张惠民 and 朱士兴 and 赵震 and 王振刚},
  title      = {蓟县震旦亚界研究},
  editor     = {中国地质科学院天津地质矿产研究所},
  booktitle  = {中国震旦亚界},
  address    = {天津},
  publisher  = {天津科学技术出版社},
  year       = {1980},
  pages      = {56--114},
}

@incollection{buseck2018subsolidus,
  title      = {Subsolidus Phenomena in Pyroxenes},
  author     = {Buseck, Peter R and Nord, Jr., Gordon L and Veblen, David R},
  editor     = {Charles T. Prewitt},
  booktitle  = {Pyroxenes},
  address    = {Washington, D.C.},
  publisher  = {Mineralogical Society of America},
  year       = {1980},
  pages      = {117--212},
}

@inproceedings{fourney1971advances,
  author     = {Fourney, M E},
  title      = {Advances in Holographic Photoelasticity},
  booktitle  = {American Society of Mechanical Engineers．Applied Mechanics Division．Symposium on Applications of Holography in Mechanics, August 23-25,1971,University of Southern California, Los Angeles, California},
  address    = {New York},
  publisher  = {ASME},
  year       = {1971},
  pages      = {17--38},
}

@article{kongqingyong2015keji,
  author     = {孔庆勇 and 郭红健 and 孔庆和},
  title      = {我国科技期刊的金字塔分层模型及发展路径初探},
  journal    = {中国科技期刊研究},
  year       = {2015},
  volume     = {26},
  number     = {10},
  pages      = {1100--1103},
}

@article{yanghongsheng2013siku,
  author     = {杨洪升},
  title      = {四库馆私家抄校书考略},
  journal    = {文献},
  year       = {2013},
  number     = {1},
  pages      = {56--75},
}

@article{yuxiao2012hulianwang,
  author     = {于潇 and 刘义 and 柴跃廷 and others},
  title      = {互联网药品可信交易环境中主体资质审核备案模式},
  journal    = {清华大学学报(自然科学版)},
  year       = {2012},
  volume     = {52},
  number     = {11},
  pages      = {1518--1521},
}

@article{desmarais1992carbon,
  author     = {Des Marais, David J and Strauss, H and Summons, R E and others},
  title      = {Carbon Isotope Evidence for the Stepwise Oxidation of the Proterozoic Environment},
  journal    = {Nature},
  year       = {1992},
  volume     = {359},
  pages      = {605--609},
}

@article{hewitt1984technical,
  title      = {Technical Services in 1983},
  author     = {HEWITT, Joe A},
  journal    = {Library Resource Services},
  year       = {1984},
}

@newspaper{dingwenxiang2000shuzi,
  author     = {丁文详},
  title      = {数字革命与竞争国际化},
  journal    = {中国青年报},
  year       = {2000},
  date       = {2000-11-20},
  number     = {15},
}

@patent{jiangxizhou1989waifu,
  author     = {姜锡洲},
  title      = {一种温热外敷药制备方案},
  address    = {中国},
  number     = {88105607.3},
  year       = {1989},
  date       = {1989-07-26},
}

@database{wanjinkun1996wenzhai,
  author     = {万锦坤},
  title      = {中国大学学报论文文摘（1983--1993）（英文版）},
  medium     = {CD},
  address    = {北京},
  publisher  = {中国大百科全书出版社},
  year       = {1996},
}

@article{christine1998plant,
  title      = {Plant physiology: Plant Biology in the {Genome Era}},
  author     = {Mlot, Christine},
  journal    = {Science},
  volume     = {281},
  pages      = {331--332},
  year       = {1998},
  urldate    = {1998-09-23},
}

@phdthesis{sunyuwen2000hanyu,
  author     = {孙玉文},
  title      = {汉语变调构词研究},
  address    = {北京},
  school     = {北京大学},
  year       = {2000},
}

@phdthesis{cairns1965infrared,
  author     = {Cairns, Bruce Richard},
  title      = {Infrared Spectroscopic Studies of Solid Oxygen},
  address    = {Berkeley},
  school     = {Univ. of California},
  date       = {1965},
}

@proceedings{lixuexuehui1990lunwenji,
  title      = {第 3 届全国实验流体力学学术会议论文集},
  editor     = {中国力学学会},
  address    = {天津},
  year       = {1990},
}

@proceedings{rosenthall1963mathematical,
  editor     = {Rosenthall, Edward M},
  title      = {Proceedings of the {Fifth Canadian Mathematical Congress}, {University of Montreal}, 1961},
  address    = {Toronto},
  publisher  = {University of Toronto Press},
  year       = {1963},
}


2.14.2 著者-出版年制

@book{baker1995future,
  author     = {Baker, S K and Jackson, M E},
  title      = {The Future of Resource Sharing},
  address    = {New York},
  publisher  = {The Haworth Press},
  year       = {1995},
}

@book{nigeluopangdi1996shuzi,
  author     = {尼葛洛庞帝},
  title      = {数字化生存},
  translator = {胡泳 and 范海燕},
  address    = {海口},
  publisher  = {海南出版社},
  year       = {1996},
  key        = {ni2 ge3 luo4 pang2 di4},
}

@article{yangzongying1996dianzi,
  author     = {杨宗英},
  title      = {电子图书馆的现实模型},
  journal    = {中国图书馆学报},
  year       = {1996},
  number     = {2},
  pages      = {24--29},
  key        = {yang2 zong1 ying1},
}

@book{liubin2014lixue,
  author     = {刘斌},
  title      = {力学},
  address    = {合肥},
  puslisher  = {中国科学技术大学出版社},
  pages      = {24--29},
  year       = {2014},
  key        = {yang2 zong1 ying1},
}


本科毕业论文（设计）参考文献式样

@article{ustc-bachelor:01,
  title = {网络时代经济发展战略特征},
  author = {刘文富 and 顾丽梅},
  year = {2000},
  journal = {学术研究},
  volume = {21},
  number = {4},
  pages = {35--40},
  url = {https://kns.cnki.net/kcms2/article/abstract?v=3uoqIhG8C44YLTlOAiTRKgchrJ08w1e79zTD32bjb4xSTlZqRyr7rTIf7ok1AFpatLUPx8UT1OWFBNkw65sK7Uwjbq66SQOt&uniplatform=NZKPT},
  langid = {chinese}
}

@book{ustc-bachelor:02,
  title = {知识时代的企业合作经营},
  author = {肖渡 and 沈群红 and 张芸 and 胡汉辉},
  year = {2000},
  pages = {67--69},
  publisher = {北京大学出版社},
  address = {北京},
  url = {https://book.douban.com/subject/1632549/},
  langid = {chinese}
}

@techreport{ustc-bachelor:03,
  title = {Technology for Economic Growth},
  author = {{The White House}},
  year = {1993},
  month = nov,
  address = {Washington},
  url = {https://clintonwhitehouse6.archives.gov/1993/11/1993-11-04-technology-for-economic-growth-table-of-contents.html},
  langid = {english}
}

@article{ustc-bachelor:04,
  title = {Vibrational Dependence of the Anisotropic Intermolecular Potential of Argon-Hydrogen Chloride},
  author = {Hutson, Jeremy M.},
  year = {1992},
  month = may,
  journal = {J. Phys. Chem.},
  volume = {96},
  number = {11},
  pages = {4237--4247},
  issn = {0022-3654},
  doi = {10.1021/j100190a026},
  url = {https://doi.org/10.1021/j100190a026},
  urldate = {2023-05-31},
  langid = {english}
}

@online{PolyHaven,
  author = {PolyHaven},
  title = {{PolyHaven}: The Public {3D} Asset Library},
  year = 2025,
  url = {https://polyhaven.com/},
  urldate = {2025-03-20}
}

@online{FarCry6,
  author = {Ubisoft},
  title = {System requirements for Far Cry 6},
  year = 2025,
  url = {https://store.ubisoft.com/ca/far-cry-6/5ecd2c925cdf9a1528a8c1d1.html?lang=en},
  urldate = {2025-03-20}
}
@online{Nanite,
  author = {Epic Games},
  title = {How to get started with unreal engine for filmmakers},
  year = 2025,
  url = {https://www.unrealengine.com/zh-CN/explainers/virtual-production/how-to-get-started-with-unreal-engine-for-filmmakers},
  urldate = {2025-03-20}
}
@online{BC1-5,
  author = {Microsoft},
  title = {Block Compression {(Direct3D 10)}},
  year = 2025,
  url = {https://learn.microsoft.com/en-us/windows/win32/direct3d10/d3d10-graphics-programming-guide-resources-block-compression},
  urldate = {2025-03-20}
}
@online{BC6H,
  author = {Microsoft},
  title = {{BC6H} Format},
  year = 2025,
  url = {https://learn.microsoft.com/en-us/windows/win32/direct3d11/bc6h-format},
  urldate = {2025-03-20}
}
@online{BC7,
  author = {Microsoft},
  title = {{BC7} Format Mode Reference},
  year = 2025,
  url = {https://learn.microsoft.com/en-us/windows/win32/direct3d11/bc7-format-mode-reference},
  urldate = {2025-03-20}
}
@online{ASTC,
  author = {Arm},
  title = {{ASTC} Format Overview},
  year = 2025,
  url = {https://github.com/ARM-software/astc-encoder/blob/main/Docs/FormatOverview.md},
  urldate = {2025-03-20}
}

@article{delp1979image,
  title={Image compression using block truncation coding},
  author={Delp, Edward and Mitchell, O},
  journal={IEEE Transactions on Communications},
  volume={27},
  number={9},
  pages={1335--1342},
  year={1979},
  publisher={IEEE}
}

@article{campbell1986two,
  title={Two bit/pixel full color encoding},
  author={Campbell, Graham and DeFanti, Thomas A and Frederiksen, Jeff and Joyce, Stephen A and Leske, Lawrence A and Lindberg, John A and Sandin, Daniel J},
  journal={ACM SIGGRAPH Computer Graphics},
  volume={20},
  number={4},
  pages={215--223},
  year={1986},
  publisher={ACM New York, NY, USA}
}

@article{knittel1996hardware,
  title={Hardware for superior texture performance},
  author={Knittel, G{\"u}nter and Schilling, Andreas and Kugler, Anders and Stra{\ss}er, Wolfgang},
  journal={Computers \& Graphics},
  volume={20},
  number={4},
  pages={475--481},
  year={1996},
  publisher={Elsevier}
}

@misc{iourcha1999system,
  title={System and method for fixed-rate block-based image compression with inferred pixel values},
  author={Iourcha, Konstantine I and Nayak, Krishna S and Hong, Zhou},
  year={1999},
  month=sep # "~21",
  publisher={Google Patents},
  note={US Patent 5,956,431}
}

@incollection{strom2004packman,
  title={{PACKMAN}: Texture compression for mobile phones},
  author={Str{\"o}m, Jacob and Akenine-M{\"o}ller, Tomas},
  booktitle={ACM SIGGRAPH 2004 Sketches},
  pages={66},
  year={2004}
}

@inproceedings{strom2005packman,
  title={{iPACKMAN}: High-quality, low-complexity texture compression for mobile phones},
  author={Str{\"o}m, Jacob and Akenine-M{\"o}ller, Tomas},
  booktitle={Proceedings of the ACM SIGGRAPH/EUROGRAPHICS Conference on Graphics Hardware},
  pages={63--70},
  year={2005}
}

@inproceedings{strom2007etc,
  title={{ETC2}: Texture compression using invalid combinations},
  author={Str{\"o}m, Jacob and Pettersson, Martin},
  booktitle={Graphics Hardware},
  volume={7},
  pages={49--54},
  year={2007}
}

@inproceedings{fenney2003texture,
  title={Texture compression using low-frequency signal modulation},
  author={Fenney, Simon},
  booktitle={Proceedings of the ACM SIGGRAPH/EUROGRAPHICS Conference on Graphics Hardware},
  pages={84--91},
  year={2003}
}

@inproceedings{nystad2012adaptive,
  title={Adaptive scalable texture compression},
  author={Nystad, J{\"o}rn and Lassen, Anders and Pomianowski, Andy and Ellis, Sean and Olson, Tom},
  booktitle={Proceedings of the Fourth ACM SIGGRAPH/EUROGRAPHICS Conference on High-Performance Graphics},
  pages={105--114},
  year={2012}
}

@article{seyb2020design,
  title={The design and evolution of the UberBake light baking system},
  author={Seyb, Dario and Sloan, Peter-Pike and Silvennoinen, Ari and Iwanicki, Micha{\l} and Jarosz, Wojciech},
  journal={ACM Transactions on Graphics (TOG)},
  volume={39},
  number={4},
  pages={150--1},
  year={2020},
  publisher={ACM New York, NY, USA}
}

@article{barre2017certain,
  title={A Certain Slant of Light: Past, Present and Future Challenges of Global Illumination in Games},
  author={Barr{\'e}-Brisebois, Colin and others},
  journal={Lecturer on SIGGRAPH},
  year={2017}
}

@inproceedings{silvennoinen2021moving,
  title={Moving basis decomposition for precomputed light transport},
  author={Silvennoinen, Ari and Sloan, Peter-Pike},
  booktitle={Computer Graphics Forum},
  volume={40},
  number={4},
  pages={127--137},
  year={2021},
  organization={Wiley Online Library}
}

@article{nishino2005clustered,
  title={Clustered blockwise PCA for representing visual data},
  author={Nishino, Ko and Nayar, Shree K and Jebara, Tony},
  journal={IEEE Transactions on Pattern Analysis and Machine Intelligence},
  volume={27},
  number={10},
  pages={1675--1679},
  year={2005},
  publisher={IEEE}
}

@article{sloan2003clustered,
  title={Clustered principal components for precomputed radiance transfer},
  author={Sloan, Peter-Pike and Hall, Jesse and Hart, John and Snyder, John},
  journal={ACM Transactions on Graphics (TOG)},
  volume={22},
  number={3},
  pages={382--391},
  year={2003},
  publisher={ACM New York, NY, USA}
}

@article{muller2022instant,
  title={Instant neural graphics primitives with a multiresolution hash encoding},
  author={M{\"u}ller, Thomas and Evans, Alex and Schied, Christoph and Keller, Alexander},
  journal={ACM Transactions on Graphics (TOG)},
  volume={41},
  number={4},
  pages={1--15},
  year={2022},
  publisher={ACM New York, NY, USA}
}

@inproceedings{takikawa2023compact,
  title={Compact neural graphics primitives with learned hash probing},
  author={Takikawa, Towaki and M{\"u}ller, Thomas and Nimier-David, Merlin and Evans, Alex and Fidler, Sanja and Jacobson, Alec and Keller, Alexander},
  booktitle={SIGGRAPH Asia 2023 Conference Papers},
  pages={1--10},
  year={2023}
}

@article{vaidyanathan2023random,
  title={Random-Access Neural Compression of Material Textures},
  author={Vaidyanathan, Karthik and Salvi, Marco and Wronski, Bartlomiej and Akenine-Moller, Tomas and Ebelin, Pontus and Lefohn, Aaron},
  journal={ACM Transactions on Graphics (TOG)},
  volume={42},
  number={4},
  pages={1--25},
  year={2023},
  publisher={ACM New York, NY, USA}
}

@inproceedings{weinreich2024real,
  title={Real-Time Neural Materials using Block-Compressed Features},
  author={Weinreich, Cl{\'e}ment and De Oliveira, Louis and Houdard, Antoine and Nader, Georges},
  booktitle={Computer Graphics Forum},
  volume={43},
  number={2},
  pages={e15013},
  year={2024},
  organization={Wiley Online Library}
}

@article{fujieda2024neural,
  title={Neural Texture Block Compression},
  author={Fujieda, Shin and Harada, Takahiro},
  journal={arXiv preprint arXiv:2407.09543},
  year={2024}
}

@article{jacobs1991adaptive,
  title={Adaptive mixtures of local experts},
  author={Jacobs, Robert A and Jordan, Michael I and Nowlan, Steven J and Hinton, Geoffrey E},
  journal={Neural Computation},
  volume={3},
  number={1},
  pages={79--87},
  year={1991},
  publisher={MIT Press}
}

@article{collobert2002parallel,
  title={A Parallel Mixture of {SVMs} for Very Large Scale Problems},
  author={Collobert, Ronan and Bengio, Samy and Bengio, Yoshua},
  journal={Neural Computation},
  volume={14},
  number={5},
  pages={1105--1114},
  year={2002},
  publisher={MIT Press One Rogers Street, Cambridge, MA 02142-1209, USA journals-info~…}
}

@article{tresp2001mixtures,
  title={Mixtures of Gaussian Processes},
  author={TRESP, V},
  journal={Advances in Neural Information Processing Systems},
  volume={13},
  pages={654--660},
  year={2001},
  publisher={MIT Press}
}

@inproceedings{rasmussen2001infinite,
  title={Infinite Mixtures of Gaussian Process experts},
  author={Rasmussen, Carl Edward and Ghahramani, Zoubin},
  booktitle={Proceedings of the 15th International Conference on Neural Information Processing Systems: Natural and Synthetic},
  pages={881--888},
  year={2001}
}

@inproceedings{aljundi2017expert,
  title={Expert gate: Fifelong learning with a network of experts},
  author={Aljundi, Rahaf and Chakravarty, Punarjay and Tuytelaars, Tinne},
  booktitle={Proceedings of the IEEE Conference on Computer Vision and Pattern Recognition},
  pages={3366--3375},
  year={2017}
}

@inproceedings{garmash2016ensemble,
  title={Ensemble learning for multi-source neural machine translation},
  author={Garmash, Ekaterina and Monz, Christof},
  booktitle={Proceedings of COLING 2016, the 26th International Conference on Computational Linguistics: Technical Papers},
  pages={1409--1418},
  year={2016}
}

@article{eigen2013learning,
  title={Learning factored representations in a deep mixture of experts},
  author={Eigen, David and Ranzato, Marc'Aurelio and Sutskever, Ilya},
  journal={arXiv preprint arXiv:1312.4314},
  year={2013}
}

@article{shazeer2017outrageously,
  title={Outrageously large neural networks: The sparsely-gated mixture-of-experts layer},
  author={Shazeer, Noam and Mirhoseini, Azalia and Maziarz, Krzysztof and Davis, Andy and Le, Quoc and Hinton, Geoffrey and Dean, Jeff},
  journal={arXiv preprint arXiv:1701.06538},
  year={2017}
}

@inproceedings{vaswani2017attention,
  title={Attention is all you need},
  author={Vaswani, Ashish and Shazeer, Noam and Parmar, Niki and Uszkoreit, Jakob and Jones, Llion and Gomez, Aidan N and Kaiser, {\L}ukasz and Polosukhin, Illia},
  booktitle={Proceedings of the 31st International Conference on Neural Information Processing Systems},
  pages={6000--6010},
  year={2017}
}

@article{fedus2022switch,
  title={Switch transformers: Scaling to trillion parameter models with simple and efficient sparsity},
  author={Fedus, William and Zoph, Barret and Shazeer, Noam},
  journal={Journal of Machine Learning Research},
  volume={23},
  number={120},
  pages={1--39},
  year={2022}
}

@inproceedings{du2022glam,
  title={{GLaM: Efficient scaling of language models with mixture-of-experts}},
  author={Du, Nan and Huang, Yanping and Dai, Andrew M and Tong, Simon and Lepikhin, Dmitry and Xu, Yuanzhong and Krikun, Maxim and Zhou, Yanqi and Yu, Adams Wei and Firat, Orhan and others},
  booktitle={International Conference on Machine Learning},
  pages={5547--5569},
  year={2022},
  organization={PMLR}
}

@article{zoph2022st,
  title={{ST-MoE: Designing stable and transferable sparse expert models}},
  author={Zoph, Barret and Bello, Irwan and Kumar, Sameer and Du, Nan and Huang, Yanping and Dean, Jeff and Shazeer, Noam and Fedus, William},
  journal={arXiv preprint arXiv:2202.08906},
  year={2022}
}

@article{lepikhin2020gshard,
  title={Gshard: Scaling giant models with conditional computation and automatic sharding},
  author={Lepikhin, Dmitry and Lee, HyoukJoong and Xu, Yuanzhong and Chen, Dehao and Firat, Orhan and Huang, Yanping and Krikun, Maxim and Shazeer, Noam and Chen, Zhifeng},
  journal={arXiv preprint arXiv:2006.16668},
  year={2020}
}

@article{liu2024deepseek,
  title={Deepseek-v3 technical report},
  author={Liu, Aixin and Feng, Bei and Xue, Bing and Wang, Bingxuan and Wu, Bochao and Lu, Chengda and Zhao, Chenggang and Deng, Chengqi and Zhang, Chenyu and Ruan, Chong and others},
  journal={arXiv preprint arXiv:2412.19437},
  year={2024}
}

@article{dai2024deepseekmoe,
  title={Deepseekmoe: Towards ultimate expert specialization in mixture-of-experts language models},
  author={Dai, Damai and Deng, Chengqi and Zhao, Chenggang and Xu, RX and Gao, Huazuo and Chen, Deli and Li, Jiashi and Zeng, Wangding and Yu, Xingkai and Wu, Y and others},
  journal={arXiv preprint arXiv:2401.06066},
  year={2024}
}

@misc{Microsoft2020BC,
  author       = {Microsoft},
  title        = {Texture Block Compression in {Direct3D} 11},
  year         = {2020},
  url          = {https://learn.microsoft.com/en-us/windows/win32/direct3d11/texture-block-compression-in-direct3d-11},
}

@article{thies2019deferred,
  title={Deferred neural rendering: Image synthesis using neural textures},
  author={Thies, Justus and Zollh{\"o}fer, Michael and Nie{\ss}ner, Matthias},
  journal={ACM Transactions on Graphics (TOG)},
  volume={38},
  number={4},
  pages={1--12},
  year={2019},
  publisher={ACM New York, NY, USA}
}

@misc{arm2013astcenc,
  author       = {ARM},
  title        = {{ASTC} Encoder},
  year         = {2013},
  url          = {https://github.com/ARM-software/astc-encoder}
}

@misc{binomial2018bc7e,
  author       = {Binomial},
  title        = {Basis {SIMD} {BC7} Texture Encoder},
  year         = {2018},
  url          = {https://github.com/BinomialLLC/bc7e}
}

@inproceedings{xue2018deep,
  title={Deep texture manifold for ground terrain recognition},
  author={Xue, Jia and Zhang, Hang and Dana, Kristin},
  booktitle={Proceedings of the IEEE Conference on Computer Vision and Pattern Recognition},
  pages={558--567},
  year={2018}
}

@inproceedings{zhai2020deep,
  title={Deep structure-revealed network for texture recognition},
  author={Zhai, Wei and Cao, Yang and Zha, Zheng-Jun and Xie, HaiYong and Wu, Feng},
  booktitle={Proceedings of the IEEE/CVF Conference on Computer Vision and Pattern Recognition},
  pages={11010--11019},
  year={2020}
}
@article{huang2024nerf,
  title={NeRF-Texture: Synthesizing Neural Radiance Field Textures},
  author={Huang, Yi-Hua and Cao, Yan-Pei and Lai, Yu-Kun and Shan, Ying and Gao, Lin},
  journal={IEEE Transactions on Pattern Analysis and Machine Intelligence},
  year={2024},
  publisher={IEEE}
}
@article{zhang2024text2nerf,
  title={Text2nerf: Text-driven 3d scene generation with neural radiance fields},
  author={Zhang, Jingbo and Li, Xiaoyu and Wan, Ziyu and Wang, Can and Liao, Jing},
  journal={IEEE Transactions on Visualization and Computer Graphics},
  year={2024},
  publisher={IEEE}
}
@inproceedings{tu2024compositional,
  title={Compositional Neural Textures},
  author={Tu, Peihan and Wei, Li-Yi and Zwicker, Matthias},
  booktitle={SIGGRAPH Asia 2024 Conference Papers},
  pages={1--11},
  year={2024}
}
@inproceedings{henzler2020learning,
  title={Learning a neural 3d texture space from 2d exemplars},
  author={Henzler, Philipp and Mitra, Niloy J and Ritschel, Tobias},
  booktitle={Proceedings of the IEEE/CVF Conference on Computer Vision and Pattern Recognition},
  pages={8356--8364},
  year={2020}
}
@article{bengio2013estimating,
  title={Estimating or propagating gradients through stochastic neurons for conditional computation},
  author={Bengio, Yoshua and L{\'e}onard, Nicholas and Courville, Aaron},
  journal={arXiv preprint arXiv:1308.3432},
  year={2013}
}

@article{wang2004image,
  title={Image quality assessment: From error visibility to structural similarity},
  author={Wang, Zhou and Bovik, Alan C and Sheikh, Hamid R and Simoncelli, Eero P},
  journal={IEEE Transactions on Image Processing},
  volume={13},
  number={4},
  pages={600--612},
  year={2004},
  publisher={IEEE}
}
@article{andersson2020flip,
  title={{FLIP}: A Difference Evaluator for Alternating Images},
  author={Andersson, Pontus and Nilsson, Jim and Akenine-M{\"o}ller, Tomas and Oskarsson, Magnus and {\AA}str{\"o}m, Kalle and Fairchild, Mark D},
  journal={Proc. ACM Comput. Graph. Interact. Tech.},
  volume={3},
  number={2},
  pages={15--1},
  year={2020}
}
@article{jang2016categorical,
  title={Categorical reparameterization with gumbel-softmax},
  author={Jang, Eric and Gu, Shixiang and Poole, Ben},
  journal={arXiv preprint arXiv:1611.01144},
  year={2016}
}
@article{paltashev2014texture,
  title={Texture compression techniques},
  author={Paltashev, T and Perminov, I},
  journal={Научная визуализация},
  volume={6},
  number={1},
  pages={106--146},
  year={2014},
  publisher={Федеральное государственное автономное образовательное учреждение высшего~…}
}

@incollection{gholami2022survey,
  title={A survey of quantization methods for efficient neural network inference},
  author={Gholami, Amir and Kim, Sehoon and Dong, Zhen and Yao, Zhewei and Mahoney, Michael W and Keutzer, Kurt},
  booktitle={Low-power computer vision},
  pages={291--326},
  year={2022},
  publisher={Chapman and Hall/CRC}
}

@article{agustsson2020universally,
  title={Universally quantized neural compression},
  author={Agustsson, Eirikur and Theis, Lucas},
  journal={Advances in neural information processing systems},
  volume={33},
  pages={12367--12376},
  year={2020}
}

@article{friesen2017deep,
  title={Deep learning as a mixed convex-combinatorial optimization problem},
  author={Friesen, Abram L and Domingos, Pedro},
  journal={arXiv preprint arXiv:1710.11573},
  year={2017}
}

@inproceedings{nagel2020up,
  title={Up or down? adaptive rounding for post-training quantization},
  author={Nagel, Markus and Amjad, Rana Ali and Van Baalen, Mart and Louizos, Christos and Blankevoort, Tijmen},
  booktitle={International conference on machine learning},
  pages={7197--7206},
  year={2020},
  organization={PMLR}
}
@inproceedings{lee2015difference,
  title={Difference target propagation},
  author={Lee, Dong-Hyun and Zhang, Saizheng and Fischer, Asja and Bengio, Yoshua},
  booktitle={Machine Learning and Knowledge Discovery in Databases: European Conference, ECML PKDD 2015, Porto, Portugal, September 7-11, 2015, Proceedings, Part I 15},
  pages={498--515},
  year={2015},
  organization={Springer}
}
@online{NVTT3,
  author = {NVIDIA},
  title = {{NVIDIA} Texture Tools 3},
  year = 2025,
  url = {https://developer.nvidia.com/gpu-accelerated-texture-compression},
  urldate = {2025-03-20}
}
@article{scikit-image,
 title = {{S}cikit-image: image processing in {P}ython},
 author = {van der Walt, {S}t\'efan and {S}ch\"onberger, {J}ohannes {L}. and
           Nunez Iglesias, {J}uan and {B}oulogne, {F}ran\c{c}ois and {W}arner,
           {J}oshua {D}. and {Y}ager, {N}eil and {G}ouillart, {E}mmanuelle and
           {Y}u, {T}ony and the scikit-image contributors},
 year = {2014},
 month = {6},
 keywords = {Image processing, Reproducible research, Education,
             Visualization, Open source, Python, Scientific programming},
 volume = {2},
 pages = {e453},
 journal = {PeerJ},
 issn = {2167-8359},
 url = {https://doi.org/10.7717/peerj.453},
 doi = {10.7717/peerj.453}
}

@article{jordan1994hierarchical,
  title={Hierarchical mixtures of experts and the {EM} algorithm},
  author={Jordan, Michael I and Jacobs, Robert A},
  journal={Neural Computation},
  volume={6},
  number={2},
  pages={181--214},
  year={1994},
  publisher={MIT Press}
}

@article{ JSGG712.006,
author = { 葛利玲 and 张英杰 },
title = {一种适用于纹理映射的图象压缩技术},
journal = {计算机工程与应用},
number = {12},
pages = {18-20},
year = {1997},
issn = {1002-8331},
}

@mastersthesis { 2001008022.nh,
author = { 罗冠 },
title = {纹理压缩技术的研究与实现},
school = {西北工业大学},
year = {2001}
}

@phdthesis { 2005044039.nh,
author = { 汤颖 },
title = {纹理映射、合成和压缩},
school = {浙江大学},
year = {2005}
}

@mastersthesis { 2005064449.nh,
author = { 高雪峰 },
title = {快速分形图像编码及高压缩比纹理压缩方法研究},
school = {西北工业大学},
year = {2005}
}

@article{XTFZ2009S1011,
author = {  陆筱霞 and  段光明 and 李思昆},
title = {基于GPU的遥感纹理压缩解压算法},
journal = {系统仿真学报},
volume = {21},
number = {S1},
pages = {42-45+50},
year = {2009},
issn = {1004-731X},
}    

@article{XYNG201201041,
author = {  严正香 and 刘洋},
title = {一种改进的图形硬件纹理压缩方案},
journal = {信阳农业高等专科学校学报},
volume = {22},
number = {01},
pages = {122-124},
year = {2012}
}    

@mastersthesis{1016164136.nh,
author = {叶继珍},
 title = {纹理图像压缩的研究},
school = {山东大学},
year = {2016}
}    

@mastersthesis{1021730627.nh,
author = {包馨},
 title = {“分形视距”纹理压缩与彩色多边形纹理集成的三维模型可视化方法},
school = {桂林理工大学},
year = {2021}
}    

@article{JSJZ200505058,
author = {朱友忠 and 叶世伟 and 陈宜成},
title = {基于惩罚函数的混合专家模型参数训练方法},
journal = {计算机仿真},
number = {05},
pages = {202-206},
year = {2005},
issn = {1006-9348},
}    

@article{ASGT200704005,
author = {  张继宾 and 曹柳林},
title = {利用二阶网络和判别分析建立分层混合专家模型},
journal = {鞍山科技大学学报},
volume = {},
number = {04},
pages = {350-354},
year = {2007},
issn = {1672-4410},
}    

@article{KZLY201003005,
author = {  陈杰 and 朱琳},
title = {基于混合最小二乘支持向量机网络模型的非线性系统辨识},
journal = {控制理论与应用},
volume = {27},
number = {03},
pages = {303-309},
year = {2010},
issn = {1000-8152},
}    

@article{KZYC201301029,
author = {  韩敏 and  王心哲 and  李洋 and 童年},
title = {基于贝叶斯粗糙集和混合专家模型的CBR系统},
journal = {控制与决策},
volume = {28},
number = {01},
pages = {157-160},
year = {2013}
}    

@article{DZYX201501005,
author = {  张学峰 and     陈渤 and     王鹏辉 and 刘宏伟},
title = {一种基于Dirichelt过程隐变量支撑向量机模型的目标识别方法},
journal = {电子与信息学报},
volume = {37},
number = {01},
pages = {29-36},
year = {2015},
issn = {1009-5896},
}    

@mastersthesis{1015982120.nh,
author = {王保全},
 title = {基于混合专家模型的快速图像超分辨率方法研究与实现},
school = {哈尔滨工业大学},
year = {2015}
}    

@article{MOTO201604008,
author = {  俞斌峰 and 季海波},
title = {稀疏贝叶斯混合专家模型及其在光谱数据标定中的应用},
journal = {自动化学报},
volume = {42},
number = {04},
pages = {566-579},
year = {2016},
}    

@mastersthesis{1023813150.nh,
author = {付毅杰},
 title = {基于门控与混合专家模型的改进POI推荐模型研究},
school = {大连交通大学},
year = {2022}
}    

@article{JSJA202302029,
author = {  曾楠 and 谢志鹏},
title = {基于混合专家模型的词语上下位关系判别方法},
journal = {计算机科学},
volume = {50},
number = {02},
pages = {285-291},
year = {2023},
issn = {1002-137X},
}    

@mastersthesis{1024896566.nh,
author = {徐锦宇},
 title = {基于混合专家的深度哈希图像检索方法研究},
school = {武汉理工大学},
year = {2023}
}    

@mastersthesis{1025224898.nh,
author = {曾致远},
 title = {基于混合专家模型的高效多语言机器翻译研究及新闻领域应用},
school = {天津大学},
year = {2023}
}    

@article{JCJS202306015,
author = {  安全 and 徐国天},
title = {基于专家混合与领域特征的网络谣言识别模型},
journal = {警察技术},
volume = {},
number = {06},
pages = {68-73},
year = {2023},
issn = {1009-9875},
}    

@article{XDDJ202401017,
author = {  杨程 and 车文刚},
title = {基于多门混合专家网络的情感分析与文本摘要多任务模型},
journal = {现代电子技术},
volume = {47},
number = {01},
pages = {94-99},
year = {2024}
}    

@article{JSJY202501007,
author = {  徐欣然 and     张绍兵 and     成苗 and     张洋 and 曾尚},
title = {基于多路层次化混合专家模型的轴承故障诊断方法},
journal = {计算机应用},
volume = {45},
number = {01},
pages = {59-68},
year = {2025}
}    

@article{JLDX202404018,
author = {  周程阳 and     刘伟 and     吴天润 and     李骜 and 韩霄松},
title = {基于混合专家模型的岩石薄片图像分类},
journal = {吉林大学学报(理学版)},
volume = {62},
number = {04},
pages = {905-914},
year = {2024}
}    

@article{XXAQ202409013,
author = {  郭永进 and 黄河俊},
title = {基于多门控混合专家模型的网络异常流量识别与防御模型},
journal = {信息网络安全},
volume = {24},
number = {09},
pages = {1458-1469},
year = {2024}
}    

@article{GWDZ202424018,
author = {  高阳 and     王学亮 and     曹倩 and     何晓凤 and 陈笑},
title = {基于深度混合专家模型的电力气象识别技术},
journal = {电子设计工程},
volume = {32},
number = {24},
pages = {86-90},
year = {2024}
}    

@article{WJFZ2025042300F,
author = {  权传明 and     陈烨 and 梅豪},
title = {基于专家模型混合的细粒度烟叶分级方法},
journal = {计算机技术与发展},
pages = {1-8},
year = {2025}
}    

@inproceedings{bai2019quantized,
  title={Quantized neural networks via proximal operators},
  author={Bai, Y and Wang, YX and Liberty, E},
  booktitle={Proceedings of the International Conference on Learning Representations (ICLR). OpenReview},
  year={2019}
}

@article{deng2018gxnor,
  title={GXNOR-Net: Training deep neural networks with ternary weights and activations without full-precision memory under a unified discretization framework},
  author={Deng, Lei and Jiao, Peng and Pei, Jing and Wu, Zhenzhi and Li, Guoqi},
  journal={Neural Networks},
  volume={100},
  pages={49--58},
  year={2018},
  publisher={Elsevier}
}

@article{liu2019learning,
  title={Learning low-precision neural networks without straight-through estimator (STE)},
  author={Liu, Zhi-Gang and Mattina, Matthew},
  journal={arXiv preprint arXiv:1903.01061},
  year={2019}
}

@inproceedings{meller2019same,
  title={Same, same but different: Recovering neural network quantization error through weight factorization},
  author={Meller, Eldad and Finkelstein, Alexander and Almog, Uri and Grobman, Mark},
  booktitle={International Conference on Machine Learning},
  pages={4486--4495},
  year={2019},
  organization={PMLR}
}

@inproceedings{nagel2019data,
  title={Data-free quantization through weight equalization and bias correction},
  author={Nagel, Markus and Baalen, Mart van and Blankevoort, Tijmen and Welling, Max},
  booktitle={Proceedings of the IEEE/CVF international conference on computer vision},
  pages={1325--1334},
  year={2019}
}

@inproceedings{choukroun2019low,
  title={Low-bit quantization of neural networks for efficient inference},
  author={Choukroun, Yoni and Kravchik, Eli and Yang, Fan and Kisilev, Pavel},
  booktitle={2019 IEEE/CVF International Conference on Computer Vision Workshop (ICCVW)},
  pages={3009--3018},
  year={2019},
  organization={IEEE}
}

@article{JSJY201809002,
author = {  蔡瑞初 and     钟椿荣 and     余洋 and     陈炳丰 and     卢冶 and 陈瑶},
title = {面向“边缘”应用的卷积神经网络量化与压缩方法},
journal = {计算机应用},
volume = {38},
number = {09},
pages = {2449-2454},
year = {2018},
issn = {1001-9081},
}    

@article{XDKD201902022,
author = {  陈昀 and     蔡晓东 and     梁晓曦 and 王萌},
title = {权重量化的深度神经网络模型压缩算法},
journal = {西安电子科技大学学报},
volume = {46},
number = {02},
pages = {132-138},
year = {2019}
}    

@article{JSJC201909030,
author = {  刘崇阳 and 刘勤让},
title = {基于LZW编码的卷积神经网络压缩方法},
journal = {计算机工程},
volume = {45},
number = {09},
pages = {188-193},
year = {2019}
}    

@article{MOTO201910014,
author = {  饶川 and     陈靓影 and     徐如意 and 刘乐元},
title = {一种基于动态量化编码的深度神经网络压缩方法},
journal = {自动化学报},
volume = {45},
number = {10},
pages = {1960-1968},
year = {2019}
}    

@article{SJSJ202004021,
author = {  耿旭 and     张永辉 and 张健},
title = {基于字典学习的卷积神经网络压缩方法},
journal = {计算机工程与设计},
volume = {41},
number = {04},
pages = {1024-1028},
year = {2020}
}    

@article{JSJF202104006,
author = {  黄钲喆 and     杜慧敏 and 常立博},
title = {卷积神经网络混合截断量化},
journal = {计算机辅助设计与图形学学报},
volume = {33},
number = {04},
pages = {553-559},
year = {2021}
}    

@article{RJXB202108011,
author = {  龚成 and     卢冶 and     代素蓉 and     刘方鑫 and     陈新伟 and 李涛},
title = {一种超低损失的深度神经网络量化压缩方法},
journal = {软件学报},
volume = {32},
number = {08},
pages = {2391-2407},
year = {2021}
}    

@article{TXXB202204011,
author = {  张帆 and     黄赟 and     方子茁 and 郭威},
title = {卷积神经网络的损失最小训练后参数量化方法},
journal = {通信学报},
volume = {43},
number = {04},
pages = {114-122},
year = {2022},
issn = {1000-436X},
}     

@article{DZXU202302001,
author = {  王子为 and     鲁继文 and 周杰},
title = {基于自适应梯度优化的二值神经网络},
journal = {电子学报},
volume = {51},
number = {02},
pages = {257-266},
year = {2023},
issn = {0372-2112},
}    

@article{JSGG202506018,
author = {  马祖鑫 and     崔允贺 and     秦永彬 and     申国伟 and     郭春 and     陈意 and 钱清},
title = {融合深度强化学习的卷积神经网络联合压缩方法},
journal = {计算机工程与应用},
volume = {61},
number = {06},
pages = {210-219},
year = {2025},
issn = {1002-8331},
}    

